<record><leader>00000cas a2200000 a 4500</leader><controlfield tag="001">64548361</controlfield><controlfield tag="008">060306d20052008iluwr ne      0   a0eng c</controlfield><datafield ind1=" " ind2=" " tag="010"><subfield code="a">  2010271300</subfield></datafield><datafield ind1=" " ind2=" " tag="040"><subfield code="a">LF3</subfield><subfield code="b">eng</subfield><subfield code="c">LF3</subfield><subfield code="d">NVF</subfield><subfield code="d">OCLCQ</subfield><subfield code="d">OCLCF</subfield><subfield code="d">OCLCO</subfield></datafield><datafield ind1=" " ind2=" " tag="042"><subfield code="a">pcc</subfield></datafield><datafield ind1=" " ind2=" " tag="043"><subfield code="a">n-us-il</subfield></datafield><datafield ind1="0" ind2="0" tag="245"><subfield code="a">Sycamore journal.</subfield></datafield><datafield ind1=" " ind2=" " tag="260"><subfield code="a">Sycamore, Ill. :</subfield><subfield code="b">Shaw Newspaper Group,</subfield><subfield code="c">2005-2008.</subfield></datafield><datafield ind1=" " ind2=" " tag="300"><subfield code="a">v.</subfield></datafield><datafield ind1=" " ind2=" " tag="310"><subfield code="a">Weekly</subfield></datafield><datafield ind1="0" ind2=" " tag="362"><subfield code="a">June 23, 2005-v. 4, no. 26 (June 26-July 2, 2008).</subfield></datafield><datafield ind1=" " ind2=" " tag="580"><subfield code="a">Merged with: Genoa journal (Sycamore, Ill.), to form: Midweek (Sycamore, Ill.).</subfield></datafield><datafield ind1=" " ind2="0" tag="651"><subfield code="a">Sycamore (Ill.)</subfield><subfield code="v">Newspapers.</subfield></datafield><datafield ind1=" " ind2="7" tag="655"><subfield code="a">Newspapers.</subfield><subfield code="2">fast</subfield><subfield code="0">(OCoLC)fst01423814</subfield></datafield><datafield ind1=" " ind2="7" tag="651"><subfield code="a">Illinois</subfield><subfield code="z">Sycamore.</subfield><subfield code="2">fast</subfield><subfield code="0">(OCoLC)fst01221238</subfield></datafield><datafield ind1=" " ind2=" " tag="752"><subfield code="a">United States</subfield><subfield code="b">Illinois</subfield><subfield code="c">De Kalb</subfield><subfield code="d">Sycamore.</subfield></datafield><datafield ind1="0" ind2="0" tag="780"><subfield code="t">DeKalb County news (Sycamore, Ill.)</subfield><subfield code="x">1557-4822</subfield><subfield code="w">(DLC)  2005060703</subfield><subfield code="w">(OCoLC)58734392</subfield></datafield><datafield ind1="1" ind2="7" tag="785"><subfield code="t">Genoa journal (Sycamore, Ill.)</subfield><subfield code="w">(DLC)sn2005214046</subfield><subfield code="w">(OCoLC)61299145</subfield></datafield><datafield ind1="1" ind2="7" tag="785"><subfield code="t">Midweek (Sycamore, Ill.)</subfield></datafield></record>